@Article{Othman13:Gates,
author = {Abraham Othman and Tuomas Sandholm},
title = "The {G}ates {H}illman Prediction Market",
journal = "Review of Economic Design",
volume = "17",
number = "2",
pages = "95--128",
year = "2013",
}

@article{Pennock01:Real,
	author = {Pennock, David M. and Lawrence, Steve and Giles, C. Lee and Nielsen, Finn {\r A}rup},
	title = {The Real Power of Artificial Markets},
	volume = {291},
	number = {5506},
	pages = {987--988},
	year = {2001},
	doi = {10.1126/science.291.5506.987},
	publisher = {American Association for the Advancement of Science},
	issn = {0036-8075},
	journal = {Science},
}
